<?xml version="1.0" encoding="UTF-8"?><collection xmlns="http://www.loc.gov/MARC21/slim"><record><leader>00452nam--2200169-i-4500</leader><controlfield tag="001">000028773</controlfield><controlfield tag="002">20161230</controlfield><controlfield tag="005">20170205230822</controlfield><controlfield tag="008">060222s1000------------r-----000-0-eng-d</controlfield><datafield ind1=" " ind2=" " tag="100"><subfield code="a">Pape, M</subfield></datafield><datafield ind1=" " ind2=" " tag="245"><subfield code="a">Microcalorimetrie appliquee a l`etude de rayonnements</subfield></datafield><datafield ind1=" " ind2=" " tag="260"><subfield code="a">Saclay</subfield><subfield code="b">Centre D`Etudes Nucleaires</subfield><subfield code="c">1963</subfield></datafield><datafield ind1=" " ind2=" " tag="300"><subfield code="a">31 p</subfield></datafield><datafield ind1=" " ind2=" " tag="490"><subfield code="a">Serie Bibliographies</subfield></datafield><datafield ind1=" " ind2=" " tag="700"><subfield code="a">Engelman, Jaques</subfield></datafield><datafield ind1=" " ind2=" " tag="852"><subfield code="a">D.1021</subfield></datafield><datafield ind1=" " ind2=" " tag="CAT"><subfield code="a">SYS</subfield><subfield code="c">20170205</subfield><subfield code="h">230822</subfield></datafield></record></collection>